[gd_scene load_steps=15 format=3 uid="uid://b6gfyq13hs7si"]

[ext_resource type="Script" path="res://scripts/game.gd" id="1_qf5nx"]
[ext_resource type="Texture2D" uid="uid://dns808wnsb08u" path="res://assets/milky-way-2971669_1920.jpg" id="2_r403i"]
[ext_resource type="Script" path="res://scripts/player.gd" id="4_lxksk"]
[ext_resource type="PackedScene" uid="uid://cgy4xj5r4xj3r" path="res://scenes/pile.tscn" id="4_nwu1t"]
[ext_resource type="PackedScene" uid="uid://bofkrdx81x5sh" path="res://scenes/card_grid.tscn" id="5_rwmal"]
[ext_resource type="Script" path="res://scripts/state_machine.gd" id="6_3ragb"]
[ext_resource type="Script" path="res://scripts/states/select_pile.gd" id="7_a6bvw"]
[ext_resource type="Script" path="res://scripts/states/open_2_cards.gd" id="7_hl6s1"]
[ext_resource type="Script" path="res://scripts/states/setup_round.gd" id="7_v1nka"]
[ext_resource type="Script" path="res://scripts/states/select_grid_or_pile.gd" id="8_mksus"]
[ext_resource type="Script" path="res://scripts/states/select_grid.gd" id="9_bi8lh"]
[ext_resource type="Script" path="res://scripts/states/finished.gd" id="10_821ll"]
[ext_resource type="Script" path="res://scripts/states/end_turn.gd" id="11_uxq4a"]
[ext_resource type="Texture2D" uid="uid://xaoq1caj867w" path="res://assets/arrow.svg" id="14_wq5rh"]

[node name="Game" type="Node2D"]
texture_filter = 6
script = ExtResource("1_qf5nx")
metadata/_edit_horizontal_guides_ = [46.0]

[node name="Background" type="Sprite2D" parent="."]
position = Vector2(639, 364)
scale = Vector2(0.687114, 0.687114)
texture = ExtResource("2_r403i")

[node name="ClosedPile" parent="." instance=ExtResource("4_nwu1t")]
position = Vector2(549, 44)

[node name="OpenPile" parent="." instance=ExtResource("4_nwu1t")]
position = Vector2(649, 44)

[node name="ActiveCard" parent="." instance=ExtResource("4_nwu1t")]
position = Vector2(599, 182)

[node name="Player1" type="Node" parent="."]
script = ExtResource("4_lxksk")

[node name="Grid" parent="Player1" instance=ExtResource("5_rwmal")]
position = Vector2(93, 249)

[node name="ScoreLabel" type="Label" parent="Player1"]
offset_left = 263.0
offset_top = 160.0
offset_right = 303.0
offset_bottom = 215.0
size_flags_vertical = 1
theme_override_font_sizes/font_size = 40
text = "0"
horizontal_alignment = 1
vertical_alignment = 1

[node name="AllScores" type="Label" parent="Player1"]
offset_left = 30.0
offset_top = 50.0
offset_right = 494.0
offset_bottom = 133.0
autowrap_mode = 2
clip_text = true
text_overrun_behavior = 2

[node name="Player2" type="Node" parent="."]
script = ExtResource("4_lxksk")

[node name="Grid" parent="Player2" instance=ExtResource("5_rwmal")]
position = Vector2(805, 249)

[node name="ScoreLabel" type="Label" parent="Player2"]
offset_left = 977.0
offset_top = 164.0
offset_right = 1017.0
offset_bottom = 219.0
size_flags_vertical = 1
theme_override_font_sizes/font_size = 40
text = "0"
horizontal_alignment = 1
vertical_alignment = 1

[node name="AllScores" type="Label" parent="Player2"]
offset_left = 796.0
offset_top = 50.0
offset_right = 1260.0
offset_bottom = 133.0
autowrap_mode = 2
clip_text = true
text_overrun_behavior = 2

[node name="GameStates" type="Node" parent="."]
script = ExtResource("6_3ragb")

[node name="SetupRound" type="Node" parent="GameStates"]
script = ExtResource("7_v1nka")

[node name="Open2Cards" type="Node" parent="GameStates"]
script = ExtResource("7_hl6s1")

[node name="SelectPile" type="Node" parent="GameStates"]
script = ExtResource("7_a6bvw")

[node name="SelectGridOrPile" type="Node" parent="GameStates"]
script = ExtResource("8_mksus")

[node name="SelectGrid" type="Node" parent="GameStates"]
script = ExtResource("9_bi8lh")

[node name="EndTurn" type="Node" parent="GameStates"]
script = ExtResource("11_uxq4a")

[node name="Finished" type="Node" parent="GameStates"]
script = ExtResource("10_821ll")

[node name="NextRound" type="Button" parent="GameStates/Finished"]
offset_left = 550.0
offset_top = 650.0
offset_right = 704.0
offset_bottom = 704.0
text = "Next Round"

[node name="ClearScores" type="Button" parent="GameStates/Finished"]
offset_left = 550.0
offset_top = 564.0
offset_right = 704.0
offset_bottom = 618.0
text = "Clear Scores"

[node name="Arrow" type="Sprite2D" parent="."]
position = Vector2(631, 447)
scale = Vector2(0.488636, 0.488636)
texture = ExtResource("14_wq5rh")
flip_h = true

[connection signal="pressed" from="GameStates/Finished/NextRound" to="GameStates/Finished" method="_on_next_round_pressed"]
[connection signal="pressed" from="GameStates/Finished/ClearScores" to="GameStates/Finished" method="_on_clear_scores_pressed"]
